<?xml version="1.0" encoding="UTF-8"?><collection xmlns="http://www.loc.gov/MARC21/slim"><record><leader>00414nam--2200121-i-4500</leader><controlfield tag="001">000042631</controlfield><controlfield tag="002">20161230</controlfield><controlfield tag="005">20161230201043</controlfield><controlfield tag="008">060222s1000------------r-----000-0-eng-d</controlfield><datafield ind1=" " ind2=" " tag="080"><subfield code="a">389.6:338</subfield></datafield><datafield ind1=" " ind2=" " tag="245"><subfield code="a">Standardizarea si rolul ei in economia moderna. material metodologic pentru specialistii din ministere, institute de proiectare si cercetare si intreprinderi</subfield></datafield><datafield ind1=" " ind2=" " tag="260"><subfield code="a">Bucuresti, Idt, 1971. 53 P</subfield></datafield><datafield ind1=" " ind2=" " tag="852"><subfield code="a">35456</subfield></datafield></record></collection>